<?xml version="1.0" encoding="UTF-8"?><collection xmlns="http://www.loc.gov/MARC21/slim"><record><leader>00419nam--2200157-i-4500</leader><controlfield tag="001">000002499</controlfield><controlfield tag="002">20161230</controlfield><controlfield tag="005">20170302180159</controlfield><controlfield tag="008">060222s1000------------r-----000-0-eng-d</controlfield><datafield ind1=" " ind2=" " tag="100"><subfield code="a">Dismier, Jacques</subfield></datafield><datafield ind1=" " ind2=" " tag="245"><subfield code="a">Von Neumann algebras</subfield></datafield><datafield ind1=" " ind2=" " tag="260"><subfield code="a">Amsterdam</subfield><subfield code="b">North-holland Publ.Co</subfield><subfield code="c">1981</subfield></datafield><datafield ind1=" " ind2=" " tag="300"><subfield code="a">XXXIII+437 p</subfield></datafield><datafield ind1=" " ind2=" " tag="490"><subfield code="a">North-holland Mathematical Library</subfield></datafield><datafield ind1=" " ind2=" " tag="852"><subfield code="a">517.986.33</subfield></datafield><datafield ind1=" " ind2=" " tag="CAT"><subfield code="a">SYS</subfield><subfield code="c">20170302</subfield><subfield code="h">180159</subfield></datafield></record></collection>